
@Book{cmath94,
  author     = {Ronald Graham and Donald Knuth and Oren Patashnik},
  publisher  = {Addison-Wesley},
  title      = {Concrete Mathematics},
  year       = {1994},
  edition    = {2},
  file       = {:Concrete_Mathematics.pdf:PDF},
  groups     = {math},
  priority   = {prio1},
  ranking    = {rank5},
  readstatus = {skimmed},
}

@Book{sicp96,
  author     = {Harold Abelson and Gerald Sussman},
  publisher  = {The MIT Press},
  title      = {{Structure and Interpretation of Computer Programs}},
  year       = {1996},
  edition    = {2},
  eprint     = {Unofficial Texinfo Format 2016},
  file       = {:sicp.pdf:PDF},
  groups     = {cs},
  priority   = {prio1},
  ranking    = {rank5},
  readstatus = {skimmed},
  url        = {http://sarabander.github.io/sicp/html/index.xhtml},
}

@Book{tfwh15,
  author     = {Richard Bird},
  publisher  = {Cambridge University Press},
  title      = {Thinking functionally with Haskell},
  year       = {2015},
  isbn       = {978-1-107-45264-0},
  groups     = {cs},
  printed    = {2016},
  priority   = {prio2},
  ranking    = {rank5},
  readstatus = {read},
}
