
@Book{sicp96,
  author     = {Harold Abelson and Gerald Sussman},
  publisher  = {The MIT Press},
  title      = {Structure and Interpretation of Computer Programs},
  year       = {1996},
  edition    = {2},
  eprint     = {Unofficial Texinfo Format 2016},
  file       = {:sicp.pdf:PDF},
  groups     = {cs},
  priority   = {prio1},
  ranking    = {rank5},
  readstatus = {skimmed},
  url        = {http://sarabander.github.io/sicp/html/index.xhtml},
}
